
@inreference{noauthor_methode_2018,
	title = {Méthode agile},
	rights = {Creative Commons Attribution-{ShareAlike} License},
	url = {https://fr.wikipedia.org/w/index.php?title=M%C3%A9thode_agile&oldid=155001089},
	abstract = {Les méthodes agiles sont des groupes de pratiques de pilotage et de réalisation de projets. Elles ont pour origine le manifeste Agile, rédigé en 2001, qui consacre le terme d'« agile » pour référencer de multiples méthodes existantes.
Les méthodes agiles se veulent plus pragmatiques que les méthodes traditionnelles, impliquent au maximum le demandeur (client) et permettent une grande réactivité à ses demandes. Elles reposent sur un cycle de développement itératif, incrémental et adaptatif et doivent respecter quatre valeurs fondamentales déclinées en douze principes desquels découlent une base de pratiques, soit communes, soit complémentaires.
Les méthodes pouvant être qualifiées d'agiles, depuis la publication du manifeste Agile, sont :

le développement rapide d'applications (1991), de l'anglais rapid application development ({RAD}),
la version anglaise du {RAD} (1995), Dynamic systems development method ({DSDM})plusieurs autres méthodes, comme adaptive software development ({ASD}) ou feature driven development ({FDD}) qui reconnaissent leur parenté directe avec {RAD}.Les deux approches de réingénierie agile du développement d'application ou d'amélioration continue (Lean), désormais les plus utilisées sont : 

En ce qui concerne la réingénierie immédiate des processus, la méthode Extreme programming ({XP}), publiée en 1999 par Kent Beck.
En ce qui concerne l'amélioration continue, le framework Scrum, présentée en 1995 par Ken Schwaber, publiée ensuite en 2001 par lui-même et Mike Beedle.Ces deux approches sont d'ailleurs techniquement complémentaires dans le cas d'un projet de développement en science de l'information ({SI}), {XP} proposant alors les techniques d'obtention de la qualité du code},
	booktitle = {Wikipédia},
	urldate = {2019-01-15},
	date = {2018-12-21},
	langid = {french},
	note = {Page Version {ID}: 155001089}
}

@online{cll_actualites_nodate,
	title = {Actualités – Le {CLL} – {CLL} Centres de Langues},
	url = {https://www.cll.be/le-cll/actualites-197/~le-cll-fier-de-prendre-part-au-soutien-linguistique-en-ligne-erasmus.htm?lng=fr},
	titleaddon = {{CLL} Centres de Langues},
	author = {{CLL}, Louvain la Neuve},
	urldate = {2019-03-12}
}